%YAML 1.1
%TAG !u! tag:unity3d.com,2011:
--- !u!1102 &-8910993067149659402
AnimatorState:
  serializedVersion: 6
  m_ObjectHideFlags: 1
  m_CorrespondingSourceObject: {fileID: 0}
  m_PrefabInstance: {fileID: 0}
  m_PrefabAsset: {fileID: 0}
  m_Name: 1 0
  m_Speed: 1
  m_CycleOffset: 0
  m_Transitions: []
  m_StateMachineBehaviours: []
  m_Position: {x: 50, y: 50, z: 0}
  m_IKOnFeet: 0
  m_WriteDefaultValues: 1
  m_Mirror: 0
  m_SpeedParameterActive: 0
  m_MirrorParameterActive: 0
  m_CycleOffsetParameterActive: 0
  m_TimeParameterActive: 0
  m_Motion: {fileID: 7400000, guid: 24683c70b04ad7b47a901afdfa0a89fe, type: 2}
  m_Tag: 
  m_SpeedParameter: 
  m_MirrorParameter: 
  m_CycleOffsetParameter: 
  m_TimeParameter: 
--- !u!1102 &-8713795752124586894
AnimatorState:
  serializedVersion: 6
  m_ObjectHideFlags: 1
  m_CorrespondingSourceObject: {fileID: 0}
  m_PrefabInstance: {fileID: 0}
  m_PrefabAsset: {fileID: 0}
  m_Name: 22
  m_Speed: 1
  m_CycleOffset: 0
  m_Transitions: []
  m_StateMachineBehaviours: []
  m_Position: {x: 50, y: 50, z: 0}
  m_IKOnFeet: 0
  m_WriteDefaultValues: 1
  m_Mirror: 0
  m_SpeedParameterActive: 0
  m_MirrorParameterActive: 0
  m_CycleOffsetParameterActive: 0
  m_TimeParameterActive: 0
  m_Motion: {fileID: 7400000, guid: 0994c318cccd2d741aaf46492982cc0e, type: 2}
  m_Tag: 
  m_SpeedParameter: 
  m_MirrorParameter: 
  m_CycleOffsetParameter: 
  m_TimeParameter: 
--- !u!1102 &-8503709135368915103
AnimatorState:
  serializedVersion: 6
  m_ObjectHideFlags: 1
  m_CorrespondingSourceObject: {fileID: 0}
  m_PrefabInstance: {fileID: 0}
  m_PrefabAsset: {fileID: 0}
  m_Name: 15
  m_Speed: 1
  m_CycleOffset: 0
  m_Transitions: []
  m_StateMachineBehaviours: []
  m_Position: {x: 50, y: 50, z: 0}
  m_IKOnFeet: 0
  m_WriteDefaultValues: 1
  m_Mirror: 0
  m_SpeedParameterActive: 0
  m_MirrorParameterActive: 0
  m_CycleOffsetParameterActive: 0
  m_TimeParameterActive: 0
  m_Motion: {fileID: 7400000, guid: bad6a50f9e553ae429e2e6f9af3aab7a, type: 2}
  m_Tag: 
  m_SpeedParameter: 
  m_MirrorParameter: 
  m_CycleOffsetParameter: 
  m_TimeParameter: 
--- !u!1102 &-8299309245794907327
AnimatorState:
  serializedVersion: 6
  m_ObjectHideFlags: 1
  m_CorrespondingSourceObject: {fileID: 0}
  m_PrefabInstance: {fileID: 0}
  m_PrefabAsset: {fileID: 0}
  m_Name: 24
  m_Speed: 1
  m_CycleOffset: 0
  m_Transitions: []
  m_StateMachineBehaviours: []
  m_Position: {x: 50, y: 50, z: 0}
  m_IKOnFeet: 0
  m_WriteDefaultValues: 1
  m_Mirror: 0
  m_SpeedParameterActive: 0
  m_MirrorParameterActive: 0
  m_CycleOffsetParameterActive: 0
  m_TimeParameterActive: 0
  m_Motion: {fileID: 7400000, guid: cf1d2e05d2b24f14fbf08e09f6c9e2f9, type: 2}
  m_Tag: 
  m_SpeedParameter: 
  m_MirrorParameter: 
  m_CycleOffsetParameter: 
  m_TimeParameter: 
--- !u!1102 &-8285750471640774612
AnimatorState:
  serializedVersion: 6
  m_ObjectHideFlags: 1
  m_CorrespondingSourceObject: {fileID: 0}
  m_PrefabInstance: {fileID: 0}
  m_PrefabAsset: {fileID: 0}
  m_Name: 20
  m_Speed: 1
  m_CycleOffset: 0
  m_Transitions: []
  m_StateMachineBehaviours: []
  m_Position: {x: 50, y: 50, z: 0}
  m_IKOnFeet: 0
  m_WriteDefaultValues: 1
  m_Mirror: 0
  m_SpeedParameterActive: 0
  m_MirrorParameterActive: 0
  m_CycleOffsetParameterActive: 0
  m_TimeParameterActive: 0
  m_Motion: {fileID: 7400000, guid: 69b969726f4a22b45898a80bff6e8e64, type: 2}
  m_Tag: 
  m_SpeedParameter: 
  m_MirrorParameter: 
  m_CycleOffsetParameter: 
  m_TimeParameter: 
--- !u!1102 &-7990322903475287249
AnimatorState:
  serializedVersion: 6
  m_ObjectHideFlags: 1
  m_CorrespondingSourceObject: {fileID: 0}
  m_PrefabInstance: {fileID: 0}
  m_PrefabAsset: {fileID: 0}
  m_Name: 18
  m_Speed: 1
  m_CycleOffset: 0
  m_Transitions: []
  m_StateMachineBehaviours: []
  m_Position: {x: 50, y: 50, z: 0}
  m_IKOnFeet: 0
  m_WriteDefaultValues: 1
  m_Mirror: 0
  m_SpeedParameterActive: 0
  m_MirrorParameterActive: 0
  m_CycleOffsetParameterActive: 0
  m_TimeParameterActive: 0
  m_Motion: {fileID: 7400000, guid: 7429b1384413f5c42b8179b3df02f1cc, type: 2}
  m_Tag: 
  m_SpeedParameter: 
  m_MirrorParameter: 
  m_CycleOffsetParameter: 
  m_TimeParameter: 
--- !u!1102 &-7765365096330527027
AnimatorState:
  serializedVersion: 6
  m_ObjectHideFlags: 1
  m_CorrespondingSourceObject: {fileID: 0}
  m_PrefabInstance: {fileID: 0}
  m_PrefabAsset: {fileID: 0}
  m_Name: 11
  m_Speed: 1
  m_CycleOffset: 0
  m_Transitions: []
  m_StateMachineBehaviours: []
  m_Position: {x: 50, y: 50, z: 0}
  m_IKOnFeet: 0
  m_WriteDefaultValues: 1
  m_Mirror: 0
  m_SpeedParameterActive: 0
  m_MirrorParameterActive: 0
  m_CycleOffsetParameterActive: 0
  m_TimeParameterActive: 0
  m_Motion: {fileID: 7400000, guid: cf947d711e4653648aad552b72fd232d, type: 2}
  m_Tag: 
  m_SpeedParameter: 
  m_MirrorParameter: 
  m_CycleOffsetParameter: 
  m_TimeParameter: 
--- !u!1102 &-7433164859278317057
AnimatorState:
  serializedVersion: 6
  m_ObjectHideFlags: 1
  m_CorrespondingSourceObject: {fileID: 0}
  m_PrefabInstance: {fileID: 0}
  m_PrefabAsset: {fileID: 0}
  m_Name: 7
  m_Speed: 1
  m_CycleOffset: 0
  m_Transitions: []
  m_StateMachineBehaviours: []
  m_Position: {x: 50, y: 50, z: 0}
  m_IKOnFeet: 0
  m_WriteDefaultValues: 1
  m_Mirror: 0
  m_SpeedParameterActive: 0
  m_MirrorParameterActive: 0
  m_CycleOffsetParameterActive: 0
  m_TimeParameterActive: 0
  m_Motion: {fileID: 7400000, guid: b9edd6900e6c9a24ca199b70299b4a60, type: 2}
  m_Tag: 
  m_SpeedParameter: 
  m_MirrorParameter: 
  m_CycleOffsetParameter: 
  m_TimeParameter: 
--- !u!1102 &-6287250007802998004
AnimatorState:
  serializedVersion: 6
  m_ObjectHideFlags: 1
  m_CorrespondingSourceObject: {fileID: 0}
  m_PrefabInstance: {fileID: 0}
  m_PrefabAsset: {fileID: 0}
  m_Name: 8
  m_Speed: 1
  m_CycleOffset: 0
  m_Transitions: []
  m_StateMachineBehaviours: []
  m_Position: {x: 50, y: 50, z: 0}
  m_IKOnFeet: 0
  m_WriteDefaultValues: 1
  m_Mirror: 0
  m_SpeedParameterActive: 0
  m_MirrorParameterActive: 0
  m_CycleOffsetParameterActive: 0
  m_TimeParameterActive: 0
  m_Motion: {fileID: 7400000, guid: 2781b1ac0c8560241b3fda89cf66efc1, type: 2}
  m_Tag: 
  m_SpeedParameter: 
  m_MirrorParameter: 
  m_CycleOffsetParameter: 
  m_TimeParameter: 
--- !u!1102 &-6096314446033448014
AnimatorState:
  serializedVersion: 6
  m_ObjectHideFlags: 1
  m_CorrespondingSourceObject: {fileID: 0}
  m_PrefabInstance: {fileID: 0}
  m_PrefabAsset: {fileID: 0}
  m_Name: 9
  m_Speed: 1
  m_CycleOffset: 0
  m_Transitions: []
  m_StateMachineBehaviours: []
  m_Position: {x: 50, y: 50, z: 0}
  m_IKOnFeet: 0
  m_WriteDefaultValues: 1
  m_Mirror: 0
  m_SpeedParameterActive: 0
  m_MirrorParameterActive: 0
  m_CycleOffsetParameterActive: 0
  m_TimeParameterActive: 0
  m_Motion: {fileID: 7400000, guid: 5ddb868bad5567743a46fa1104bb4f99, type: 2}
  m_Tag: 
  m_SpeedParameter: 
  m_MirrorParameter: 
  m_CycleOffsetParameter: 
  m_TimeParameter: 
--- !u!1102 &-5335388532909901295
AnimatorState:
  serializedVersion: 6
  m_ObjectHideFlags: 1
  m_CorrespondingSourceObject: {fileID: 0}
  m_PrefabInstance: {fileID: 0}
  m_PrefabAsset: {fileID: 0}
  m_Name: 19
  m_Speed: 1
  m_CycleOffset: 0
  m_Transitions: []
  m_StateMachineBehaviours: []
  m_Position: {x: 50, y: 50, z: 0}
  m_IKOnFeet: 0
  m_WriteDefaultValues: 1
  m_Mirror: 0
  m_SpeedParameterActive: 0
  m_MirrorParameterActive: 0
  m_CycleOffsetParameterActive: 0
  m_TimeParameterActive: 0
  m_Motion: {fileID: 7400000, guid: e482f286de93eea45bb3b1e07a141047, type: 2}
  m_Tag: 
  m_SpeedParameter: 
  m_MirrorParameter: 
  m_CycleOffsetParameter: 
  m_TimeParameter: 
--- !u!1102 &-4476157075910469482
AnimatorState:
  serializedVersion: 6
  m_ObjectHideFlags: 1
  m_CorrespondingSourceObject: {fileID: 0}
  m_PrefabInstance: {fileID: 0}
  m_PrefabAsset: {fileID: 0}
  m_Name: 14
  m_Speed: 1
  m_CycleOffset: 0
  m_Transitions: []
  m_StateMachineBehaviours: []
  m_Position: {x: 50, y: 50, z: 0}
  m_IKOnFeet: 0
  m_WriteDefaultValues: 1
  m_Mirror: 0
  m_SpeedParameterActive: 0
  m_MirrorParameterActive: 0
  m_CycleOffsetParameterActive: 0
  m_TimeParameterActive: 0
  m_Motion: {fileID: 7400000, guid: a80484e5b4ea0cb4ba646db42933d264, type: 2}
  m_Tag: 
  m_SpeedParameter: 
  m_MirrorParameter: 
  m_CycleOffsetParameter: 
  m_TimeParameter: 
--- !u!1102 &-4081175185523248922
AnimatorState:
  serializedVersion: 6
  m_ObjectHideFlags: 1
  m_CorrespondingSourceObject: {fileID: 0}
  m_PrefabInstance: {fileID: 0}
  m_PrefabAsset: {fileID: 0}
  m_Name: CameraShake
  m_Speed: 1
  m_CycleOffset: 0
  m_Transitions: []
  m_StateMachineBehaviours: []
  m_Position: {x: 50, y: 50, z: 0}
  m_IKOnFeet: 0
  m_WriteDefaultValues: 1
  m_Mirror: 0
  m_SpeedParameterActive: 0
  m_MirrorParameterActive: 0
  m_CycleOffsetParameterActive: 0
  m_TimeParameterActive: 0
  m_Motion: {fileID: 7400000, guid: 8bd63548058755044ad350b0fa03e578, type: 2}
  m_Tag: 
  m_SpeedParameter: 
  m_MirrorParameter: 
  m_CycleOffsetParameter: 
  m_TimeParameter: 
--- !u!1102 &-3684835543985905058
AnimatorState:
  serializedVersion: 6
  m_ObjectHideFlags: 1
  m_CorrespondingSourceObject: {fileID: 0}
  m_PrefabInstance: {fileID: 0}
  m_PrefabAsset: {fileID: 0}
  m_Name: 21
  m_Speed: 1
  m_CycleOffset: 0
  m_Transitions: []
  m_StateMachineBehaviours: []
  m_Position: {x: 50, y: 50, z: 0}
  m_IKOnFeet: 0
  m_WriteDefaultValues: 1
  m_Mirror: 0
  m_SpeedParameterActive: 0
  m_MirrorParameterActive: 0
  m_CycleOffsetParameterActive: 0
  m_TimeParameterActive: 0
  m_Motion: {fileID: 7400000, guid: d935e9dd045174f4881760a1a843eda6, type: 2}
  m_Tag: 
  m_SpeedParameter: 
  m_MirrorParameter: 
  m_CycleOffsetParameter: 
  m_TimeParameter: 
--- !u!1102 &-2845877617487080281
AnimatorState:
  serializedVersion: 6
  m_ObjectHideFlags: 1
  m_CorrespondingSourceObject: {fileID: 0}
  m_PrefabInstance: {fileID: 0}
  m_PrefabAsset: {fileID: 0}
  m_Name: 5
  m_Speed: 1
  m_CycleOffset: 0
  m_Transitions: []
  m_StateMachineBehaviours: []
  m_Position: {x: 50, y: 50, z: 0}
  m_IKOnFeet: 0
  m_WriteDefaultValues: 1
  m_Mirror: 0
  m_SpeedParameterActive: 0
  m_MirrorParameterActive: 0
  m_CycleOffsetParameterActive: 0
  m_TimeParameterActive: 0
  m_Motion: {fileID: 7400000, guid: f01c79837dc9cbd4c8252c86ceaca41a, type: 2}
  m_Tag: 
  m_SpeedParameter: 
  m_MirrorParameter: 
  m_CycleOffsetParameter: 
  m_TimeParameter: 
--- !u!1102 &-2765196610541549271
AnimatorState:
  serializedVersion: 6
  m_ObjectHideFlags: 1
  m_CorrespondingSourceObject: {fileID: 0}
  m_PrefabInstance: {fileID: 0}
  m_PrefabAsset: {fileID: 0}
  m_Name: 16
  m_Speed: 1
  m_CycleOffset: 0
  m_Transitions: []
  m_StateMachineBehaviours: []
  m_Position: {x: 50, y: 50, z: 0}
  m_IKOnFeet: 0
  m_WriteDefaultValues: 1
  m_Mirror: 0
  m_SpeedParameterActive: 0
  m_MirrorParameterActive: 0
  m_CycleOffsetParameterActive: 0
  m_TimeParameterActive: 0
  m_Motion: {fileID: 7400000, guid: c694ea283315cbf4b93bcd54e7ab85f0, type: 2}
  m_Tag: 
  m_SpeedParameter: 
  m_MirrorParameter: 
  m_CycleOffsetParameter: 
  m_TimeParameter: 
--- !u!1102 &-2533919019158118930
AnimatorState:
  serializedVersion: 6
  m_ObjectHideFlags: 1
  m_CorrespondingSourceObject: {fileID: 0}
  m_PrefabInstance: {fileID: 0}
  m_PrefabAsset: {fileID: 0}
  m_Name: CameraZoom
  m_Speed: 1
  m_CycleOffset: 0
  m_Transitions: []
  m_StateMachineBehaviours: []
  m_Position: {x: 50, y: 50, z: 0}
  m_IKOnFeet: 0
  m_WriteDefaultValues: 1
  m_Mirror: 0
  m_SpeedParameterActive: 0
  m_MirrorParameterActive: 0
  m_CycleOffsetParameterActive: 0
  m_TimeParameterActive: 0
  m_Motion: {fileID: 7400000, guid: 12e752d82a9fcbe4ea74c3605e095ccf, type: 2}
  m_Tag: 
  m_SpeedParameter: 
  m_MirrorParameter: 
  m_CycleOffsetParameter: 
  m_TimeParameter: 
--- !u!1102 &-2067522528825505264
AnimatorState:
  serializedVersion: 6
  m_ObjectHideFlags: 1
  m_CorrespondingSourceObject: {fileID: 0}
  m_PrefabInstance: {fileID: 0}
  m_PrefabAsset: {fileID: 0}
  m_Name: 3
  m_Speed: 1
  m_CycleOffset: 0
  m_Transitions: []
  m_StateMachineBehaviours: []
  m_Position: {x: 50, y: 50, z: 0}
  m_IKOnFeet: 0
  m_WriteDefaultValues: 1
  m_Mirror: 0
  m_SpeedParameterActive: 0
  m_MirrorParameterActive: 0
  m_CycleOffsetParameterActive: 0
  m_TimeParameterActive: 0
  m_Motion: {fileID: 7400000, guid: 837d6b0e31719744098039fe0ee98c88, type: 2}
  m_Tag: 
  m_SpeedParameter: 
  m_MirrorParameter: 
  m_CycleOffsetParameter: 
  m_TimeParameter: 
--- !u!1102 &-689690888579259238
AnimatorState:
  serializedVersion: 6
  m_ObjectHideFlags: 1
  m_CorrespondingSourceObject: {fileID: 0}
  m_PrefabInstance: {fileID: 0}
  m_PrefabAsset: {fileID: 0}
  m_Name: 4
  m_Speed: 1
  m_CycleOffset: 0
  m_Transitions: []
  m_StateMachineBehaviours: []
  m_Position: {x: 50, y: 50, z: 0}
  m_IKOnFeet: 0
  m_WriteDefaultValues: 1
  m_Mirror: 0
  m_SpeedParameterActive: 0
  m_MirrorParameterActive: 0
  m_CycleOffsetParameterActive: 0
  m_TimeParameterActive: 0
  m_Motion: {fileID: 7400000, guid: a8d2b7a6be49a2042a57272a31a52cf0, type: 2}
  m_Tag: 
  m_SpeedParameter: 
  m_MirrorParameter: 
  m_CycleOffsetParameter: 
  m_TimeParameter: 
--- !u!1107 &-307861991893611016
AnimatorStateMachine:
  serializedVersion: 6
  m_ObjectHideFlags: 1
  m_CorrespondingSourceObject: {fileID: 0}
  m_PrefabInstance: {fileID: 0}
  m_PrefabAsset: {fileID: 0}
  m_Name: Base Layer
  m_ChildStates:
  - serializedVersion: 1
    m_State: {fileID: -4081175185523248922}
    m_Position: {x: 310, y: -10, z: 0}
  - serializedVersion: 1
    m_State: {fileID: 2176029267621831494}
    m_Position: {x: 425.766, y: 125.35516, z: 0}
  - serializedVersion: 1
    m_State: {fileID: -2533919019158118930}
    m_Position: {x: 460.766, y: 190.35516, z: 0}
  - serializedVersion: 1
    m_State: {fileID: 8346825536986664084}
    m_Position: {x: 495.766, y: 255.35516, z: 0}
  - serializedVersion: 1
    m_State: {fileID: 3259870208603250906}
    m_Position: {x: 530.766, y: 320.35516, z: 0}
  - serializedVersion: 1
    m_State: {fileID: -8910993067149659402}
    m_Position: {x: 565.766, y: 385.35516, z: 0}
  - serializedVersion: 1
    m_State: {fileID: 337285854485013261}
    m_Position: {x: 600.766, y: 450.35516, z: 0}
  - serializedVersion: 1
    m_State: {fileID: -2067522528825505264}
    m_Position: {x: 635.766, y: 515.35516, z: 0}
  - serializedVersion: 1
    m_State: {fileID: -689690888579259238}
    m_Position: {x: 670.766, y: 580.35516, z: 0}
  - serializedVersion: 1
    m_State: {fileID: -2845877617487080281}
    m_Position: {x: 705.766, y: 645.35516, z: 0}
  - serializedVersion: 1
    m_State: {fileID: 5808170352428132265}
    m_Position: {x: 740.766, y: 710.35516, z: 0}
  - serializedVersion: 1
    m_State: {fileID: -7433164859278317057}
    m_Position: {x: 775.766, y: 775.35516, z: 0}
  - serializedVersion: 1
    m_State: {fileID: -6287250007802998004}
    m_Position: {x: 810.766, y: 840.35516, z: 0}
  - serializedVersion: 1
    m_State: {fileID: -6096314446033448014}
    m_Position: {x: 845.766, y: 905.35516, z: 0}
  - serializedVersion: 1
    m_State: {fileID: 580638799298676405}
    m_Position: {x: 880.766, y: 970.35516, z: 0}
  - serializedVersion: 1
    m_State: {fileID: -7765365096330527027}
    m_Position: {x: 915.766, y: 1035.3552, z: 0}
  - serializedVersion: 1
    m_State: {fileID: 659728144924365809}
    m_Position: {x: 950.766, y: 1100.3552, z: 0}
  - serializedVersion: 1
    m_State: {fileID: 4250798801393543571}
    m_Position: {x: 985.766, y: 1165.3552, z: 0}
  - serializedVersion: 1
    m_State: {fileID: -4476157075910469482}
    m_Position: {x: 1020.766, y: 1230.3552, z: 0}
  - serializedVersion: 1
    m_State: {fileID: -8503709135368915103}
    m_Position: {x: 1055.766, y: 1295.3552, z: 0}
  - serializedVersion: 1
    m_State: {fileID: -2765196610541549271}
    m_Position: {x: 1090.766, y: 1360.3552, z: 0}
  - serializedVersion: 1
    m_State: {fileID: 1856371213021593080}
    m_Position: {x: 1125.766, y: 1425.3552, z: 0}
  - serializedVersion: 1
    m_State: {fileID: -7990322903475287249}
    m_Position: {x: 1160.766, y: 1490.3552, z: 0}
  - serializedVersion: 1
    m_State: {fileID: -5335388532909901295}
    m_Position: {x: 1195.766, y: 1555.3552, z: 0}
  - serializedVersion: 1
    m_State: {fileID: -8285750471640774612}
    m_Position: {x: 1230.766, y: 1620.3552, z: 0}
  - serializedVersion: 1
    m_State: {fileID: -3684835543985905058}
    m_Position: {x: 1265.766, y: 1685.3552, z: 0}
  - serializedVersion: 1
    m_State: {fileID: -8713795752124586894}
    m_Position: {x: 1300.766, y: 1750.3552, z: 0}
  - serializedVersion: 1
    m_State: {fileID: 5428956499496425920}
    m_Position: {x: 1335.766, y: 1815.3552, z: 0}
  - serializedVersion: 1
    m_State: {fileID: -8299309245794907327}
    m_Position: {x: 1370.766, y: 1880.3552, z: 0}
  m_ChildStateMachines: []
  m_AnyStateTransitions: []
  m_EntryTransitions: []
  m_StateMachineTransitions: {}
  m_StateMachineBehaviours: []
  m_AnyStatePosition: {x: 50, y: 20, z: 0}
  m_EntryPosition: {x: 50, y: 120, z: 0}
  m_ExitPosition: {x: 800, y: 120, z: 0}
  m_ParentStateMachinePosition: {x: 800, y: 20, z: 0}
  m_DefaultState: {fileID: 2176029267621831494}
--- !u!91 &9100000
AnimatorController:
  m_ObjectHideFlags: 0
  m_CorrespondingSourceObject: {fileID: 0}
  m_PrefabInstance: {fileID: 0}
  m_PrefabAsset: {fileID: 0}
  m_Name: Main Camera
  serializedVersion: 5
  m_AnimatorParameters: []
  m_AnimatorLayers:
  - serializedVersion: 5
    m_Name: Base Layer
    m_StateMachine: {fileID: -307861991893611016}
    m_Mask: {fileID: 0}
    m_Motions: []
    m_Behaviours: []
    m_BlendingMode: 0
    m_SyncedLayerIndex: -1
    m_DefaultWeight: 0
    m_IKPass: 0
    m_SyncedLayerAffectsTiming: 0
    m_Controller: {fileID: 9100000}
--- !u!1102 &337285854485013261
AnimatorState:
  serializedVersion: 6
  m_ObjectHideFlags: 1
  m_CorrespondingSourceObject: {fileID: 0}
  m_PrefabInstance: {fileID: 0}
  m_PrefabAsset: {fileID: 0}
  m_Name: 2
  m_Speed: 1
  m_CycleOffset: 0
  m_Transitions: []
  m_StateMachineBehaviours: []
  m_Position: {x: 50, y: 50, z: 0}
  m_IKOnFeet: 0
  m_WriteDefaultValues: 1
  m_Mirror: 0
  m_SpeedParameterActive: 0
  m_MirrorParameterActive: 0
  m_CycleOffsetParameterActive: 0
  m_TimeParameterActive: 0
  m_Motion: {fileID: 7400000, guid: 411a1df5908f72b4db08b33cd9dbdc82, type: 2}
  m_Tag: 
  m_SpeedParameter: 
  m_MirrorParameter: 
  m_CycleOffsetParameter: 
  m_TimeParameter: 
--- !u!1102 &580638799298676405
AnimatorState:
  serializedVersion: 6
  m_ObjectHideFlags: 1
  m_CorrespondingSourceObject: {fileID: 0}
  m_PrefabInstance: {fileID: 0}
  m_PrefabAsset: {fileID: 0}
  m_Name: 10
  m_Speed: 1
  m_CycleOffset: 0
  m_Transitions: []
  m_StateMachineBehaviours: []
  m_Position: {x: 50, y: 50, z: 0}
  m_IKOnFeet: 0
  m_WriteDefaultValues: 1
  m_Mirror: 0
  m_SpeedParameterActive: 0
  m_MirrorParameterActive: 0
  m_CycleOffsetParameterActive: 0
  m_TimeParameterActive: 0
  m_Motion: {fileID: 7400000, guid: 0788fe3f619981c45a31d2050f3891f9, type: 2}
  m_Tag: 
  m_SpeedParameter: 
  m_MirrorParameter: 
  m_CycleOffsetParameter: 
  m_TimeParameter: 
--- !u!1102 &659728144924365809
AnimatorState:
  serializedVersion: 6
  m_ObjectHideFlags: 1
  m_CorrespondingSourceObject: {fileID: 0}
  m_PrefabInstance: {fileID: 0}
  m_PrefabAsset: {fileID: 0}
  m_Name: 12
  m_Speed: 1
  m_CycleOffset: 0
  m_Transitions: []
  m_StateMachineBehaviours: []
  m_Position: {x: 50, y: 50, z: 0}
  m_IKOnFeet: 0
  m_WriteDefaultValues: 1
  m_Mirror: 0
  m_SpeedParameterActive: 0
  m_MirrorParameterActive: 0
  m_CycleOffsetParameterActive: 0
  m_TimeParameterActive: 0
  m_Motion: {fileID: 7400000, guid: 69f7daab86f34c8458f6751d28ce0748, type: 2}
  m_Tag: 
  m_SpeedParameter: 
  m_MirrorParameter: 
  m_CycleOffsetParameter: 
  m_TimeParameter: 
--- !u!1102 &1856371213021593080
AnimatorState:
  serializedVersion: 6
  m_ObjectHideFlags: 1
  m_CorrespondingSourceObject: {fileID: 0}
  m_PrefabInstance: {fileID: 0}
  m_PrefabAsset: {fileID: 0}
  m_Name: 17
  m_Speed: 1
  m_CycleOffset: 0
  m_Transitions: []
  m_StateMachineBehaviours: []
  m_Position: {x: 50, y: 50, z: 0}
  m_IKOnFeet: 0
  m_WriteDefaultValues: 1
  m_Mirror: 0
  m_SpeedParameterActive: 0
  m_MirrorParameterActive: 0
  m_CycleOffsetParameterActive: 0
  m_TimeParameterActive: 0
  m_Motion: {fileID: 7400000, guid: cd746584cb0b95f4dada6c2b5e3a034f, type: 2}
  m_Tag: 
  m_SpeedParameter: 
  m_MirrorParameter: 
  m_CycleOffsetParameter: 
  m_TimeParameter: 
--- !u!1102 &2176029267621831494
AnimatorState:
  serializedVersion: 6
  m_ObjectHideFlags: 1
  m_CorrespondingSourceObject: {fileID: 0}
  m_PrefabInstance: {fileID: 0}
  m_PrefabAsset: {fileID: 0}
  m_Name: New State
  m_Speed: 1
  m_CycleOffset: 0
  m_Transitions: []
  m_StateMachineBehaviours: []
  m_Position: {x: 50, y: 50, z: 0}
  m_IKOnFeet: 0
  m_WriteDefaultValues: 1
  m_Mirror: 0
  m_SpeedParameterActive: 0
  m_MirrorParameterActive: 0
  m_CycleOffsetParameterActive: 0
  m_TimeParameterActive: 0
  m_Motion: {fileID: 0}
  m_Tag: 
  m_SpeedParameter: 
  m_MirrorParameter: 
  m_CycleOffsetParameter: 
  m_TimeParameter: 
--- !u!1102 &3259870208603250906
AnimatorState:
  serializedVersion: 6
  m_ObjectHideFlags: 1
  m_CorrespondingSourceObject: {fileID: 0}
  m_PrefabInstance: {fileID: 0}
  m_PrefabAsset: {fileID: 0}
  m_Name: 1
  m_Speed: 1
  m_CycleOffset: 0
  m_Transitions: []
  m_StateMachineBehaviours: []
  m_Position: {x: 50, y: 50, z: 0}
  m_IKOnFeet: 0
  m_WriteDefaultValues: 1
  m_Mirror: 0
  m_SpeedParameterActive: 0
  m_MirrorParameterActive: 0
  m_CycleOffsetParameterActive: 0
  m_TimeParameterActive: 0
  m_Motion: {fileID: 7400000, guid: 24683c70b04ad7b47a901afdfa0a89fe, type: 2}
  m_Tag: 
  m_SpeedParameter: 
  m_MirrorParameter: 
  m_CycleOffsetParameter: 
  m_TimeParameter: 
--- !u!1102 &4250798801393543571
AnimatorState:
  serializedVersion: 6
  m_ObjectHideFlags: 1
  m_CorrespondingSourceObject: {fileID: 0}
  m_PrefabInstance: {fileID: 0}
  m_PrefabAsset: {fileID: 0}
  m_Name: 13
  m_Speed: 1
  m_CycleOffset: 0
  m_Transitions: []
  m_StateMachineBehaviours: []
  m_Position: {x: 50, y: 50, z: 0}
  m_IKOnFeet: 0
  m_WriteDefaultValues: 1
  m_Mirror: 0
  m_SpeedParameterActive: 0
  m_MirrorParameterActive: 0
  m_CycleOffsetParameterActive: 0
  m_TimeParameterActive: 0
  m_Motion: {fileID: 7400000, guid: 84e86d8ad0d59be409f1aea29388afcc, type: 2}
  m_Tag: 
  m_SpeedParameter: 
  m_MirrorParameter: 
  m_CycleOffsetParameter: 
  m_TimeParameter: 
--- !u!1102 &5428956499496425920
AnimatorState:
  serializedVersion: 6
  m_ObjectHideFlags: 1
  m_CorrespondingSourceObject: {fileID: 0}
  m_PrefabInstance: {fileID: 0}
  m_PrefabAsset: {fileID: 0}
  m_Name: 23
  m_Speed: 1
  m_CycleOffset: 0
  m_Transitions: []
  m_StateMachineBehaviours: []
  m_Position: {x: 50, y: 50, z: 0}
  m_IKOnFeet: 0
  m_WriteDefaultValues: 1
  m_Mirror: 0
  m_SpeedParameterActive: 0
  m_MirrorParameterActive: 0
  m_CycleOffsetParameterActive: 0
  m_TimeParameterActive: 0
  m_Motion: {fileID: 7400000, guid: 419b2fa9b14d64f4da703e3e6547506f, type: 2}
  m_Tag: 
  m_SpeedParameter: 
  m_MirrorParameter: 
  m_CycleOffsetParameter: 
  m_TimeParameter: 
--- !u!1102 &5808170352428132265
AnimatorState:
  serializedVersion: 6
  m_ObjectHideFlags: 1
  m_CorrespondingSourceObject: {fileID: 0}
  m_PrefabInstance: {fileID: 0}
  m_PrefabAsset: {fileID: 0}
  m_Name: 6
  m_Speed: 1
  m_CycleOffset: 0
  m_Transitions: []
  m_StateMachineBehaviours: []
  m_Position: {x: 50, y: 50, z: 0}
  m_IKOnFeet: 0
  m_WriteDefaultValues: 1
  m_Mirror: 0
  m_SpeedParameterActive: 0
  m_MirrorParameterActive: 0
  m_CycleOffsetParameterActive: 0
  m_TimeParameterActive: 0
  m_Motion: {fileID: 7400000, guid: 0e7b4110f1143844d8677035fadae8d7, type: 2}
  m_Tag: 
  m_SpeedParameter: 
  m_MirrorParameter: 
  m_CycleOffsetParameter: 
  m_TimeParameter: 
--- !u!1102 &8346825536986664084
AnimatorState:
  serializedVersion: 6
  m_ObjectHideFlags: 1
  m_CorrespondingSourceObject: {fileID: 0}
  m_PrefabInstance: {fileID: 0}
  m_PrefabAsset: {fileID: 0}
  m_Name: CameraEnable
  m_Speed: 1
  m_CycleOffset: 0
  m_Transitions: []
  m_StateMachineBehaviours: []
  m_Position: {x: 50, y: 50, z: 0}
  m_IKOnFeet: 0
  m_WriteDefaultValues: 1
  m_Mirror: 0
  m_SpeedParameterActive: 0
  m_MirrorParameterActive: 0
  m_CycleOffsetParameterActive: 0
  m_TimeParameterActive: 0
  m_Motion: {fileID: 7400000, guid: e6a80b6176299954a8f58628e6e1481c, type: 2}
  m_Tag: 
  m_SpeedParameter: 
  m_MirrorParameter: 
  m_CycleOffsetParameter: 
  m_TimeParameter: 
