%YAML 1.1
%TAG !u! tag:unity3d.com,2011:
--- !u!1 &6250842955576617958
GameObject:
  m_ObjectHideFlags: 0
  m_CorrespondingSourceObject: {fileID: 0}
  m_PrefabInstance: {fileID: 0}
  m_PrefabAsset: {fileID: 0}
  serializedVersion: 6
  m_Component:
  - component: {fileID: 6250842955576617957}
  - component: {fileID: 6250842955576617978}
  - component: {fileID: 6250842955576617979}
  - component: {fileID: 6250842955576617956}
  m_Layer: 0
  m_Name: Off
  m_TagString: Untagged
  m_Icon: {fileID: 0}
  m_NavMeshLayer: 0
  m_StaticEditorFlags: 0
  m_IsActive: 1
--- !u!4 &6250842955576617957
Transform:
  m_ObjectHideFlags: 0
  m_CorrespondingSourceObject: {fileID: 0}
  m_PrefabInstance: {fileID: 0}
  m_PrefabAsset: {fileID: 0}
  m_GameObject: {fileID: 6250842955576617958}
  m_LocalRotation: {x: -0, y: -0, z: -0, w: 1}
  m_LocalPosition: {x: 0, y: 0.055999994, z: 0}
  m_LocalScale: {x: 0.7211374, y: 0.07308792, z: 0.7102648}
  m_ConstrainProportionsScale: 0
  m_Children: []
  m_Father: {fileID: 2359574747276814604}
  m_RootOrder: 3
  m_LocalEulerAnglesHint: {x: 0, y: 0, z: 0}
--- !u!33 &6250842955576617978
MeshFilter:
  m_ObjectHideFlags: 0
  m_CorrespondingSourceObject: {fileID: 0}
  m_PrefabInstance: {fileID: 0}
  m_PrefabAsset: {fileID: 0}
  m_GameObject: {fileID: 6250842955576617958}
  m_Mesh: {fileID: 10202, guid: 0000000000000000e000000000000000, type: 0}
--- !u!23 &6250842955576617979
MeshRenderer:
  m_ObjectHideFlags: 0
  m_CorrespondingSourceObject: {fileID: 0}
  m_PrefabInstance: {fileID: 0}
  m_PrefabAsset: {fileID: 0}
  m_GameObject: {fileID: 6250842955576617958}
  m_Enabled: 1
  m_CastShadows: 1
  m_ReceiveShadows: 1
  m_DynamicOccludee: 1
  m_StaticShadowCaster: 0
  m_MotionVectors: 1
  m_LightProbeUsage: 1
  m_ReflectionProbeUsage: 1
  m_RayTracingMode: 2
  m_RayTraceProcedural: 0
  m_RenderingLayerMask: 1
  m_RendererPriority: 0
  m_Materials:
  - {fileID: 2100000, guid: c631fab1a076a824fbed843ddb7f0fdc, type: 2}
  m_StaticBatchInfo:
    firstSubMesh: 0
    subMeshCount: 0
  m_StaticBatchRoot: {fileID: 0}
  m_ProbeAnchor: {fileID: 0}
  m_LightProbeVolumeOverride: {fileID: 0}
  m_ScaleInLightmap: 1
  m_ReceiveGI: 1
  m_PreserveUVs: 0
  m_IgnoreNormalsForChartDetection: 0
  m_ImportantGI: 0
  m_StitchLightmapSeams: 1
  m_SelectedEditorRenderState: 3
  m_MinimumChartSize: 4
  m_AutoUVMaxDistance: 0.5
  m_AutoUVMaxAngle: 89
  m_LightmapParameters: {fileID: 0}
  m_SortingLayerID: 0
  m_SortingLayer: 0
  m_SortingOrder: 0
  m_AdditionalVertexStreams: {fileID: 0}
--- !u!65 &6250842955576617956
BoxCollider:
  m_ObjectHideFlags: 0
  m_CorrespondingSourceObject: {fileID: 0}
  m_PrefabInstance: {fileID: 0}
  m_PrefabAsset: {fileID: 0}
  m_GameObject: {fileID: 6250842955576617958}
  m_Material: {fileID: 0}
  m_IsTrigger: 1
  m_Enabled: 1
  serializedVersion: 2
  m_Size: {x: 1, y: 1, z: 1}
  m_Center: {x: 0, y: 0, z: 0}
--- !u!1 &6250842956544410939
GameObject:
  m_ObjectHideFlags: 0
  m_CorrespondingSourceObject: {fileID: 0}
  m_PrefabInstance: {fileID: 0}
  m_PrefabAsset: {fileID: 0}
  serializedVersion: 6
  m_Component:
  - component: {fileID: 6250842956544410938}
  m_Layer: 0
  m_Name: AstroButtons
  m_TagString: Untagged
  m_Icon: {fileID: 0}
  m_NavMeshLayer: 0
  m_StaticEditorFlags: 0
  m_IsActive: 1
--- !u!4 &6250842956544410938
Transform:
  m_ObjectHideFlags: 0
  m_CorrespondingSourceObject: {fileID: 0}
  m_PrefabInstance: {fileID: 0}
  m_PrefabAsset: {fileID: 0}
  m_GameObject: {fileID: 6250842956544410939}
  m_LocalRotation: {x: 0, y: 0, z: 0, w: 1}
  m_LocalPosition: {x: -2.082776, y: 3.0646, z: 240.255}
  m_LocalScale: {x: 1, y: 1, z: 1}
  m_ConstrainProportionsScale: 0
  m_Children:
  - {fileID: 2359574747276814604}
  - {fileID: 2359574746749834443}
  m_Father: {fileID: 0}
  m_RootOrder: 0
  m_LocalEulerAnglesHint: {x: 0, y: 0, z: 0}
--- !u!1001 &6250842955816585674
PrefabInstance:
  m_ObjectHideFlags: 0
  serializedVersion: 2
  m_Modification:
    m_TransformParent: {fileID: 6250842956544410938}
    m_Modifications:
    - target: {fileID: 3170557405231935354, guid: 77eaeaa8c4e167b459518753629c8397,
        type: 3}
      propertyPath: m_Name
      value: AstroButtonPrimary
      objectReference: {fileID: 0}
    - target: {fileID: 3762866633303028080, guid: 77eaeaa8c4e167b459518753629c8397,
        type: 3}
      propertyPath: m_Materials.Array.data[0]
      value: 
      objectReference: {fileID: 2100000, guid: 1023350adde0fa44ba17202c32e07250, type: 2}
    - target: {fileID: 4233581471435115750, guid: 77eaeaa8c4e167b459518753629c8397,
        type: 3}
      propertyPath: m_IsTrigger
      value: 1
      objectReference: {fileID: 0}
    - target: {fileID: 4233581471435115751, guid: 77eaeaa8c4e167b459518753629c8397,
        type: 3}
      propertyPath: m_Materials.Array.data[0]
      value: 
      objectReference: {fileID: 2100000, guid: 9600a7d53b0b24a47a97a74c030d08dd, type: 2}
    - target: {fileID: 5204270469197002650, guid: 77eaeaa8c4e167b459518753629c8397,
        type: 3}
      propertyPath: m_IsTrigger
      value: 1
      objectReference: {fileID: 0}
    - target: {fileID: 7905841903975021856, guid: 77eaeaa8c4e167b459518753629c8397,
        type: 3}
      propertyPath: m_IsActive
      value: 1
      objectReference: {fileID: 0}
    - target: {fileID: 7936655721203299381, guid: 77eaeaa8c4e167b459518753629c8397,
        type: 3}
      propertyPath: m_IsTrigger
      value: 1
      objectReference: {fileID: 0}
    - target: {fileID: 8503236140591144193, guid: 77eaeaa8c4e167b459518753629c8397,
        type: 3}
      propertyPath: m_RootOrder
      value: 1
      objectReference: {fileID: 0}
    - target: {fileID: 8503236140591144193, guid: 77eaeaa8c4e167b459518753629c8397,
        type: 3}
      propertyPath: m_LocalScale.x
      value: 1.2917
      objectReference: {fileID: 0}
    - target: {fileID: 8503236140591144193, guid: 77eaeaa8c4e167b459518753629c8397,
        type: 3}
      propertyPath: m_LocalScale.y
      value: 1.2917
      objectReference: {fileID: 0}
    - target: {fileID: 8503236140591144193, guid: 77eaeaa8c4e167b459518753629c8397,
        type: 3}
      propertyPath: m_LocalScale.z
      value: 1.2917
      objectReference: {fileID: 0}
    - target: {fileID: 8503236140591144193, guid: 77eaeaa8c4e167b459518753629c8397,
        type: 3}
      propertyPath: m_LocalPosition.x
      value: 0
      objectReference: {fileID: 0}
    - target: {fileID: 8503236140591144193, guid: 77eaeaa8c4e167b459518753629c8397,
        type: 3}
      propertyPath: m_LocalPosition.y
      value: 0
      objectReference: {fileID: 0}
    - target: {fileID: 8503236140591144193, guid: 77eaeaa8c4e167b459518753629c8397,
        type: 3}
      propertyPath: m_LocalPosition.z
      value: -1.9661255
      objectReference: {fileID: 0}
    - target: {fileID: 8503236140591144193, guid: 77eaeaa8c4e167b459518753629c8397,
        type: 3}
      propertyPath: m_LocalRotation.w
      value: 1
      objectReference: {fileID: 0}
    - target: {fileID: 8503236140591144193, guid: 77eaeaa8c4e167b459518753629c8397,
        type: 3}
      propertyPath: m_LocalRotation.x
      value: -0
      objectReference: {fileID: 0}
    - target: {fileID: 8503236140591144193, guid: 77eaeaa8c4e167b459518753629c8397,
        type: 3}
      propertyPath: m_LocalRotation.y
      value: -0
      objectReference: {fileID: 0}
    - target: {fileID: 8503236140591144193, guid: 77eaeaa8c4e167b459518753629c8397,
        type: 3}
      propertyPath: m_LocalRotation.z
      value: -0
      objectReference: {fileID: 0}
    - target: {fileID: 8503236140591144193, guid: 77eaeaa8c4e167b459518753629c8397,
        type: 3}
      propertyPath: m_LocalEulerAnglesHint.x
      value: 0
      objectReference: {fileID: 0}
    - target: {fileID: 8503236140591144193, guid: 77eaeaa8c4e167b459518753629c8397,
        type: 3}
      propertyPath: m_LocalEulerAnglesHint.y
      value: 0
      objectReference: {fileID: 0}
    - target: {fileID: 8503236140591144193, guid: 77eaeaa8c4e167b459518753629c8397,
        type: 3}
      propertyPath: m_LocalEulerAnglesHint.z
      value: 0
      objectReference: {fileID: 0}
    - target: {fileID: 8538699877329156994, guid: 77eaeaa8c4e167b459518753629c8397,
        type: 3}
      propertyPath: m_Materials.Array.data[0]
      value: 
      objectReference: {fileID: 2100000, guid: 5f80912044e60e24783348990f777b4f, type: 2}
    m_RemovedComponents: []
  m_SourcePrefab: {fileID: 100100000, guid: 77eaeaa8c4e167b459518753629c8397, type: 3}
--- !u!4 &2359574746749834443 stripped
Transform:
  m_CorrespondingSourceObject: {fileID: 8503236140591144193, guid: 77eaeaa8c4e167b459518753629c8397,
    type: 3}
  m_PrefabInstance: {fileID: 6250842955816585674}
  m_PrefabAsset: {fileID: 0}
--- !u!1 &4253726676038939882 stripped
GameObject:
  m_CorrespondingSourceObject: {fileID: 7905841903975021856, guid: 77eaeaa8c4e167b459518753629c8397,
    type: 3}
  m_PrefabInstance: {fileID: 6250842955816585674}
  m_PrefabAsset: {fileID: 0}
--- !u!114 &6250842956449492823
MonoBehaviour:
  m_ObjectHideFlags: 0
  m_CorrespondingSourceObject: {fileID: 0}
  m_PrefabInstance: {fileID: 0}
  m_PrefabAsset: {fileID: 0}
  m_GameObject: {fileID: 4253726676038939882}
  m_Enabled: 1
  m_EditorHideFlags: 0
  m_Script: {fileID: 11500000, guid: cd80c847d054b764cb19aab6a958e7e2, type: 3}
  m_Name: 
  m_EditorClassIdentifier: 
  b2: {fileID: 4253726675512871213}
  boff: {fileID: 6250842955576617958}
--- !u!1001 &6250842956372669453
PrefabInstance:
  m_ObjectHideFlags: 0
  serializedVersion: 2
  m_Modification:
    m_TransformParent: {fileID: 6250842956544410938}
    m_Modifications:
    - target: {fileID: 3170557405231935354, guid: 77eaeaa8c4e167b459518753629c8397,
        type: 3}
      propertyPath: m_Name
      value: AsrtroButtonSecondary
      objectReference: {fileID: 0}
    - target: {fileID: 3762866633303028080, guid: 77eaeaa8c4e167b459518753629c8397,
        type: 3}
      propertyPath: m_Materials.Array.data[0]
      value: 
      objectReference: {fileID: 2100000, guid: 1023350adde0fa44ba17202c32e07250, type: 2}
    - target: {fileID: 4233581471435115750, guid: 77eaeaa8c4e167b459518753629c8397,
        type: 3}
      propertyPath: m_IsTrigger
      value: 1
      objectReference: {fileID: 0}
    - target: {fileID: 4233581471435115751, guid: 77eaeaa8c4e167b459518753629c8397,
        type: 3}
      propertyPath: m_Materials.Array.data[0]
      value: 
      objectReference: {fileID: 2100000, guid: 9600a7d53b0b24a47a97a74c030d08dd, type: 2}
    - target: {fileID: 5204270469197002650, guid: 77eaeaa8c4e167b459518753629c8397,
        type: 3}
      propertyPath: m_IsTrigger
      value: 1
      objectReference: {fileID: 0}
    - target: {fileID: 6534319699828901284, guid: 77eaeaa8c4e167b459518753629c8397,
        type: 3}
      propertyPath: m_LocalScale.x
      value: 0.7147625
      objectReference: {fileID: 0}
    - target: {fileID: 6534319699828901284, guid: 77eaeaa8c4e167b459518753629c8397,
        type: 3}
      propertyPath: m_LocalScale.y
      value: 0.072441824
      objectReference: {fileID: 0}
    - target: {fileID: 6534319699828901284, guid: 77eaeaa8c4e167b459518753629c8397,
        type: 3}
      propertyPath: m_LocalScale.z
      value: 0.70398605
      objectReference: {fileID: 0}
    - target: {fileID: 6534319699828901284, guid: 77eaeaa8c4e167b459518753629c8397,
        type: 3}
      propertyPath: m_LocalPosition.y
      value: 0.047
      objectReference: {fileID: 0}
    - target: {fileID: 7905841903975021856, guid: 77eaeaa8c4e167b459518753629c8397,
        type: 3}
      propertyPath: m_IsActive
      value: 1
      objectReference: {fileID: 0}
    - target: {fileID: 7936655721203299381, guid: 77eaeaa8c4e167b459518753629c8397,
        type: 3}
      propertyPath: m_IsTrigger
      value: 1
      objectReference: {fileID: 0}
    - target: {fileID: 8503236140591144193, guid: 77eaeaa8c4e167b459518753629c8397,
        type: 3}
      propertyPath: m_RootOrder
      value: 0
      objectReference: {fileID: 0}
    - target: {fileID: 8503236140591144193, guid: 77eaeaa8c4e167b459518753629c8397,
        type: 3}
      propertyPath: m_LocalScale.x
      value: 1.2917
      objectReference: {fileID: 0}
    - target: {fileID: 8503236140591144193, guid: 77eaeaa8c4e167b459518753629c8397,
        type: 3}
      propertyPath: m_LocalScale.y
      value: 1.2917
      objectReference: {fileID: 0}
    - target: {fileID: 8503236140591144193, guid: 77eaeaa8c4e167b459518753629c8397,
        type: 3}
      propertyPath: m_LocalScale.z
      value: 1.2917
      objectReference: {fileID: 0}
    - target: {fileID: 8503236140591144193, guid: 77eaeaa8c4e167b459518753629c8397,
        type: 3}
      propertyPath: m_LocalPosition.x
      value: 0
      objectReference: {fileID: 0}
    - target: {fileID: 8503236140591144193, guid: 77eaeaa8c4e167b459518753629c8397,
        type: 3}
      propertyPath: m_LocalPosition.y
      value: 0
      objectReference: {fileID: 0}
    - target: {fileID: 8503236140591144193, guid: 77eaeaa8c4e167b459518753629c8397,
        type: 3}
      propertyPath: m_LocalPosition.z
      value: 0
      objectReference: {fileID: 0}
    - target: {fileID: 8503236140591144193, guid: 77eaeaa8c4e167b459518753629c8397,
        type: 3}
      propertyPath: m_LocalRotation.w
      value: 1
      objectReference: {fileID: 0}
    - target: {fileID: 8503236140591144193, guid: 77eaeaa8c4e167b459518753629c8397,
        type: 3}
      propertyPath: m_LocalRotation.x
      value: -0
      objectReference: {fileID: 0}
    - target: {fileID: 8503236140591144193, guid: 77eaeaa8c4e167b459518753629c8397,
        type: 3}
      propertyPath: m_LocalRotation.y
      value: -0
      objectReference: {fileID: 0}
    - target: {fileID: 8503236140591144193, guid: 77eaeaa8c4e167b459518753629c8397,
        type: 3}
      propertyPath: m_LocalRotation.z
      value: -0
      objectReference: {fileID: 0}
    - target: {fileID: 8503236140591144193, guid: 77eaeaa8c4e167b459518753629c8397,
        type: 3}
      propertyPath: m_LocalEulerAnglesHint.x
      value: 0
      objectReference: {fileID: 0}
    - target: {fileID: 8503236140591144193, guid: 77eaeaa8c4e167b459518753629c8397,
        type: 3}
      propertyPath: m_LocalEulerAnglesHint.y
      value: 0
      objectReference: {fileID: 0}
    - target: {fileID: 8503236140591144193, guid: 77eaeaa8c4e167b459518753629c8397,
        type: 3}
      propertyPath: m_LocalEulerAnglesHint.z
      value: 0
      objectReference: {fileID: 0}
    - target: {fileID: 8538699877329156994, guid: 77eaeaa8c4e167b459518753629c8397,
        type: 3}
      propertyPath: m_Materials.Array.data[0]
      value: 
      objectReference: {fileID: 2100000, guid: 04b1004a0b87245499b81d4a32e45e4f, type: 2}
    m_RemovedComponents: []
  m_SourcePrefab: {fileID: 100100000, guid: 77eaeaa8c4e167b459518753629c8397, type: 3}
--- !u!4 &2359574747276814604 stripped
Transform:
  m_CorrespondingSourceObject: {fileID: 8503236140591144193, guid: 77eaeaa8c4e167b459518753629c8397,
    type: 3}
  m_PrefabInstance: {fileID: 6250842956372669453}
  m_PrefabAsset: {fileID: 0}
--- !u!1 &4253726675512871213 stripped
GameObject:
  m_CorrespondingSourceObject: {fileID: 7905841903975021856, guid: 77eaeaa8c4e167b459518753629c8397,
    type: 3}
  m_PrefabInstance: {fileID: 6250842956372669453}
  m_PrefabAsset: {fileID: 0}
--- !u!114 &6250842954648816199
MonoBehaviour:
  m_ObjectHideFlags: 0
  m_CorrespondingSourceObject: {fileID: 0}
  m_PrefabInstance: {fileID: 0}
  m_PrefabAsset: {fileID: 0}
  m_GameObject: {fileID: 4253726675512871213}
  m_Enabled: 1
  m_EditorHideFlags: 0
  m_Script: {fileID: 11500000, guid: 1e71cf278d8255847ad7861c6fd41477, type: 3}
  m_Name: 
  m_EditorClassIdentifier: 
  b1: {fileID: 4253726676038939882}
  b2: {fileID: 4253726675512871213}
  boff: {fileID: 6250842955576617958}
